@BOOK{abcmusik,
  title = {ABC Musik Allgemeine Musiklehre},
  publisher = {Breitkopf \& H"artel},
  year = {2009},
  author={Wieland Ziegenrücker},
  edition = {7},
  isbn = {9783765103094},
}

@misc{unity_doku_micro,
  author       = {2020 Unity Technologies},
  title        = {Unity3D Dokumentation Microphone},
  howpublished = {Online},
  year         = {2021-02-09},
  accessed = {2021-02-20}, 
  url = {https://docs.unity3d.com/2021.1/Documentation/ScriptReference/Microphone.html}
}

@misc{unity_doku,
  author       = {2020 Unity Technologies},
  title        = {Unity3D Dokumentation},
  howpublished = {Online},
  year         = {2021-02-09},
  accessed = {2021-02-20}, 
  url = {https://docs.unity3d.com/Manual/index.html}
}

@misc{unity_doku_audio,
  author       = {2020 Unity Technologies},
  title        = {Unity3D Dokumentation Audio Overview},
  howpublished = {Online},
  year         = {2021-02-09},
  accessed = {2021-04-27},
  url = {https://docs.unity3d.com/Manual/AudioOverview.html}
}
@misc{unity_doku_spectrumData,
  author       = {2020 Unity Technologies},
  title        = {Unity3D Dokumentation GetSpectrumData},
  howpublished = {Online},
  year         = {2021-02-09},
  accessed = {2021-06-27},
  url = {https://docs.unity3d.com/ScriptReference/AudioSource.GetSpectrumData.html}
}
@ARTICLE{harmonische_obertne,
  author       = {UdK Berlin Sengpiel},
  title        = {Harmonische, Partialtöne, Teiltöne und Obertöne},
  howpublished = {Online},
  year         = {2002-11-01},
  accessed = {2021-05-02},
  url = {http://www.sengpielaudio.com/Harmonische-Partialtoene-Obertoene.pdf}
}
@misc{hfmdk_mannheim,
  author       = {Musikhochschule Mannheim},
  title        = {Gehörbildung online},
  howpublished = {Online},
  year         = {2021-02-09},
  accessed = {2021-05-02},
  url = {https://www.eartraining-online.de/}
}

@misc{musictheory,
  author       = {musictheory.net},
  title        = {musictheory},
  howpublished = {Online},
  year         = {2021-02-09},
  accessed = {2021-05-02},
  url = {https://www.musictheory.net//}
}

@misc{teoria,
  author       = {José Rodríguez Alvira},
  title        = {Teoria},
  howpublished = {Online},
  year         = {2021-02-09},
  accessed = {2021-05-02},
  url = {teoria.com}
}

@misc{jkg_bruch,
  author       = {Justus-Knecht-Gymnasium Bruchsal},
  title        = {JKG Bruchsaal Musik},
  howpublished = {Online},
  year         = {2016-12-21},
  accessed = {2021-05-02},
  url = {https://jkg-musik.jimdofree.com/geh%C3%B6rbildung/}
}
@misc{musikgrad,
  author       = {Walter Riedinger},
  title        = {Musikgrad},
  howpublished = {Online},
  accessed = {2021-05-19},
  url = {https://http://musikgrad.de/}
}
@misc{earmaster,
  author       = {Hans Lavdal Jakobsen},
  title        = {Earmaster},
  howpublished = {Online},
  accessed = {2021-05-19},
  url = {https://www.earmaster.com/}
}
@misc{earbeater,
  author       = {Morten Vestergaard},
  title        = {Earbeater},
  howpublished = {Online},
  accessed = {2021-05-19},
  url = {https://www.earbeater.com/}
}
@misc{tonedear,
  author       = {dave@tonesavvy.com},
  title        = {Tonedear},
  howpublished = {Online},
  accessed = {2021-05-19},
  url = {https://tonedear.com/}
}

@misc{fft,
  author       = {NI},
  title        = {Schnelle Fourier-Transformation (FFT) und Fensterfunktion},
  howpublished = {Online},
  accessed = {2021-05-21},
  url = {https://www.ni.com/de-de/innovations/white-papers/06/understanding-ffts-and-windowing.html#section-1908448206}
}
@inproceedings{yazama2005simple,
  title={A simple algorithm of pitch detection by using fast direct transform},
  author={Yazama, Yuuki and Mitsukura, Yasue and Fukumi, Minoru and Akamatsu, Norio},
  booktitle={2005 International Symposium on Computational Intelligence in Robotics and Automation},
  pages={205--209},
  year={2005},
  organization={IEEE}
}
@book{norton2003fundamentals,
  title={Fundamentals of noise and vibration analysis for engineers},
  author={Norton, Michael Peter and Karczub, Denis G},
  year={2003},
  publisher={Cambridge university press}
}
@Inbook{Butz2006,
title="Window Functions",
bookTitle="Fourier Transformation for Pedestrians",
year="2006",
publisher="Springer Berlin Heidelberg",
address="Berlin, Heidelberg",
pages="69--88, 118",
isbn="978-3-540-31108-9",
doi="10.1007/978-3-540-31108-9_3",
url="https://doi.org/10.1007/978-3-540-31108-9_3"
}
@inproceedings{amado2008pitch,
  title={Pitch detection algorithms based on zero-cross rate and autocorrelation function for musical notes},
  author={Amado, Rafael George and Vieira Filho, Jozue},
  booktitle={2008 International Conference on Audio, Language and Image Processing},
  pages={449--454},
  year={2008},
  organization={IEEE}
}
@inproceedings{lago2004quest,
  title={The quest for low latency},
  author={Lago, Nelson Posse and Kon, Fabio},
  booktitle={ICMC},
  year={2004}
}
@misc{unity_doku_audioManager,
  author       = {2020 Unity Technologies},
  title        = {Unity3D Dokumentation Audio},
  howpublished = {Online},
  year         = {2021-02-09},
  accessed = {2021-06-26},
  url = {https://docs.unity3d.com/Manual/class-AudioManager.html}
}
@misc{unity_forum_realtime,
  author       = {Megan},
  title        = {How do I get Unity to playback a Microphone input in real time?},
  howpublished = {Online},
  year         = {2017-01-01},
  accessed = {2021-04-13},
  url = {https://support.unity.com/hc/en-us/articles/206485253-How-do-I-get-Unity-to-playback-a-Microphone-input-in-real-time-}
}
@misc{coding_game,
  author       = {Megan},
  title        = {Coding Pirates},
  howpublished = {Online},
  year         = {2017-09-01},
  accessed = {2021-07-01},
  url = {https://seriousgames-portal.org/#GamePage/483f528a-7ac4-4133-b5b3-fef5e0e610f3}
}
@article{althoff2016influence,
  title={Influence of Pok{\'e}mon Go on physical activity: study and implications},
  author={Althoff, Tim and White, Ryen W and Horvitz, Eric},
  journal={Journal of medical Internet research},
  volume={18},
  number={12},
  pages={e315},
  year={2016},
  publisher={JMIR Publications Inc., Toronto, Canada}
}
@inproceedings{liu2018playful,
  title={Playful cognitive training with physical interactive tiles for elderly},
  author={Liu, Yan-Xin and Lund, Henrik Hautop and Wu, Li-Li},
  booktitle={2018 international conference on information and communication technology robotics (ICT-ROBOT)},
  pages={1--4},
  year={2018},
  organization={IEEE}
}
@inproceedings{gobel2011makes,
  title={What makes a good serious game—conceptual approach towards a metadata format for the description and evaluation of serious games},
  author={G{\"o}bel, Stefan and Gutjahr, Michael and Steinmetz, Ralf},
  booktitle={5th European Conference on Games Based Learning},
  pages={202--210},
  year={2011}
}
@misc{sg_ic,
  author       = {Hessisches Telemedia Technologie Kompetenz-Center e.V.},
  title        = {Serious Games Information Center},
  howpublished = {Online},
  year         = {2019-04-10},
  accessed = {2021-08-04},
  url = {https://seriousgames-portal.org/}
}
@misc{duolingo,
  title        = {Duolingo},
  accessed = {2021-08-04},
  url = {https://de.duolingo.com/}
}
@article{spencer1947ear,
  title={Ear training in music education},
  author={Spencer, Herbert S},
  journal={Music Educators Journal},
  volume={33},
  number={4},
  pages={44--69},
  year={1947},
  publisher={SAGE Publications Sage CA: Los Angeles, CA}
}
@book{gussmack2006latentes,
  title={Latentes absolutes Geh{\"o}r--eine omnipr{\"a}sente F{\"a}higkeit?},
  author={Gu{\ss}mack, Manuela and Vitouch, Oliver and Gula, Bartosz},
  year={2006},
  publisher={na}
}
@misc{gaiasg,
  title        = {Gaia},
  accessed = {2021-08-17},
  url = {https://cs.gmu.edu/~gaia/SeriousGames/index.html}
}
@article{ross1974average,
  title={Average magnitude difference function pitch extractor},
  author={Ross, Myron and Shaffer, Harry and Cohen, Andrew and Freudberg, Richard and Manley, Harold},
  journal={IEEE Transactions on Acoustics, Speech, and Signal Processing},
  volume={22},
  number={5},
  pages={353--362},
  year={1974},
  publisher={IEEE}
}
@article{oppenheim2004frequency,
  title={From frequency to quefrency: A history of the cepstrum},
  author={Oppenheim, Alan V and Schafer, Ronald W},
  journal={IEEE signal processing Magazine},
  volume={21},
  number={5},
  pages={95--106},
  year={2004},
  publisher={IEEE}
}
@article{cuadra2001hps,
author = {de la Cuadra, Patricio and Master, Aaron and Sapp, Craig},
year = {2001},
month = {01},
pages = {},
title = {Efficient Pitch Detection Techniques for Interactive Music}
}
@misc{newtonInterpolation,
  author       = {Frenchy},
  title        = {Polynomial interpolation newton method},
  howpublished = {Online},
  year         = {2018-12-09},
  accessed = {2021-04-29},
  url = {https://stackoverflow.com/questions/53691899/polynomial-interpolation-newton-method}
}
